@article{gptTuringTest,
	author = {Qiaozhu Mei  and Yutong Xie  and Walter Yuan  and Matthew O. Jackson },
	title = {A Turing test of whether AI chatbots are behaviorally similar to humans},
	journal = {Proceedings of the National Academy of Sciences},
	volume = {121},
	number = {9},
	year = {2024},
	doi = {10.1073/pnas.2313925121},
	URL = {https://www.pnas.org/doi/abs/10.1073/pnas.2313925121},
	eprint = {https://www.pnas.org/doi/pdf/10.1073/pnas.2313925121}}



